<record><leader>00000cas a2200000 a 4500</leader><controlfield tag="001">24117232</controlfield><controlfield tag="008">910723d18uu1941iluwr ne      0   a0eng c</controlfield><datafield ind1=" " ind2=" " tag="010"><subfield code="a">sn 91055274 </subfield></datafield><datafield ind1=" " ind2=" " tag="040"><subfield code="a">NVF</subfield><subfield code="b">eng</subfield><subfield code="c">NVF</subfield><subfield code="d">OCLCQ</subfield><subfield code="d">NVF</subfield><subfield code="d">OCLCQ</subfield><subfield code="d">OCLCF</subfield><subfield code="d">NVF</subfield><subfield code="d">OCLCO</subfield></datafield><datafield ind1="1" ind2=" " tag="029"><subfield code="a">AU@</subfield><subfield code="b">000020749281</subfield></datafield><datafield ind1=" " ind2=" " tag="042"><subfield code="a">pcc</subfield></datafield><datafield ind1=" " ind2=" " tag="043"><subfield code="a">n-us-il</subfield></datafield><datafield ind1="0" ind2="4" tag="245"><subfield code="a">The Momence progress.</subfield></datafield><datafield ind1=" " ind2=" " tag="260"><subfield code="a">Momence, Kankakee County, Ill. :</subfield><subfield code="b">Howk Bros.</subfield></datafield><datafield ind1=" " ind2=" " tag="300"><subfield code="a">v.</subfield></datafield><datafield ind1=" " ind2=" " tag="310"><subfield code="a">Weekly</subfield></datafield><datafield ind1="0" ind2=" " tag="362"><subfield code="a">-40th year, no. 32 (July 4, 1941).</subfield></datafield><datafield ind1=" " ind2=" " tag="515"><subfield code="a">Issue for Aug. 5, 1921 erroneously designated as July 5, 1921.</subfield></datafield><datafield ind1=" " ind2=" " tag="580"><subfield code="a">Merged with: Momence press-reporter, to form: Momence progress-reporter.</subfield></datafield><datafield ind1=" " ind2=" " tag="588"><subfield code="a">Description based on: Vol. 10, no. 6 (Jan. 13, 1911).</subfield></datafield><datafield ind1=" " ind2="0" tag="651"><subfield code="a">Momence (Ill.)</subfield><subfield code="v">Newspapers.</subfield></datafield><datafield ind1=" " ind2="7" tag="651"><subfield code="a">Illinois</subfield><subfield code="z">Momence.</subfield><subfield code="2">fast</subfield><subfield code="0">(OCoLC)fst01234454</subfield></datafield><datafield ind1=" " ind2="7" tag="655"><subfield code="a">Newspapers.</subfield><subfield code="2">fast</subfield><subfield code="0">(OCoLC)fst01423814</subfield></datafield><datafield ind1=" " ind2=" " tag="752"><subfield code="a">United States</subfield><subfield code="b">Illinois</subfield><subfield code="c">Kankakee</subfield><subfield code="d">Momence.</subfield></datafield><datafield ind1="1" ind2="7" tag="785"><subfield code="t">Momence press-reporter</subfield><subfield code="w">(DLC)sn 91055273</subfield><subfield code="w">(OCoLC)24112423</subfield></datafield><datafield ind1="1" ind2="7" tag="785"><subfield code="t">Momence progress-reporter</subfield><subfield code="w">(DLC)sn 91055275</subfield><subfield code="w">(OCoLC)24117285</subfield></datafield></record>